<record><leader>00000cas a22000007a 4500</leader><controlfield tag="001">20536917</controlfield><controlfield tag="008">891023d19391983mouwr ne      0    0eng d</controlfield><datafield ind1=" " ind2=" " tag="010"><subfield code="a">sn 89067095 </subfield></datafield><datafield ind1=" " ind2=" " tag="040"><subfield code="a">MQN</subfield><subfield code="b">eng</subfield><subfield code="c">MQN</subfield><subfield code="d">OCLCQ</subfield></datafield><datafield ind1=" " ind2=" " tag="042"><subfield code="a">msc</subfield></datafield><datafield ind1="0" ind2="4" tag="245"><subfield code="a">The Edina sentinel and Knox County Democrat.</subfield></datafield><datafield ind1=" " ind2=" " tag="260"><subfield code="a">Edina, Knox County, Mo. :</subfield><subfield code="b">Sentinel Pub. Co.,</subfield><subfield code="c">1939-1983.</subfield></datafield><datafield ind1=" " ind2=" " tag="300"><subfield code="a">v.</subfield></datafield><datafield ind1=" " ind2=" " tag="310"><subfield code="a">Weekly</subfield></datafield><datafield ind1="0" ind2=" " tag="362"><subfield code="a">Vol. 72, no. 10 (Nov. 2, 1939)-v. 116, no. 11 (Sept. 28, 1983).</subfield></datafield><datafield ind1=" " ind2="4" tag="651"><subfield code="a">Edina (Mo.)</subfield><subfield code="v">Newspapers.</subfield></datafield><datafield ind1=" " ind2="4" tag="651"><subfield code="a">Knox County (Mo.)</subfield><subfield code="v">Newspapers.</subfield></datafield><datafield ind1=" " ind2=" " tag="752"><subfield code="a">United States</subfield><subfield code="b">Missouri</subfield><subfield code="c">Knox</subfield><subfield code="d">Edina.</subfield></datafield><datafield ind1="0" ind2="0" tag="780"><subfield code="t">Edina sentinel (Edina, Mo. : 1881)</subfield><subfield code="w">(DLC)sn 86090468</subfield></datafield><datafield ind1="0" ind2="0" tag="785"><subfield code="t">Edina sentinel (Edina, Mo. : 1983)</subfield><subfield code="w">(DLC)sn 89067096</subfield></datafield></record>